Papaghrap-1
​​@misc{shen2018naturalttssynthesisconditioning,
      title={Natural TTS Synthesis by Conditioning WaveNet on Mel Spectrogram Predictions}, 
      author={Jonathan Shen and Ruoming Pang and Ron J. Weiss and Mike Schuster and Navdeep Jaitly and Zongheng Yang and Zhifeng Chen and Yu Zhang and Yuxuan Wang and RJ Skerry-Ryan and Rif A. Saurous and Yannis Agiomyrgiannakis and Yonghui Wu},
      year={2018},
      eprint={1712.05884},
      archivePrefix={arXiv},
      primaryClass={cs.CL},
      url={https://arxiv.org/abs/1712.05884}, 
}

@misc{ren2022fastspeech2fasthighquality,
      title={FastSpeech 2: Fast and High-Quality End-to-End Text to Speech}, 
      author={Yi Ren and Chenxu Hu and Xu Tan and Tao Qin and Sheng Zhao and Zhou Zhao and Tie-Yan Liu},
      year={2022},
      eprint={2006.04558},
      archivePrefix={arXiv},
      primaryClass={eess.AS},
      url={https://arxiv.org/abs/2006.04558}, 
}

@misc{kim2020glowttsgenerativeflowtexttospeech,
      title={Glow-TTS: A Generative Flow for Text-to-Speech via Monotonic Alignment Search}, 
      author={Jaehyeon Kim and Sungwon Kim and Jungil Kong and Sungroh Yoon},
      year={2020},
      eprint={2005.11129},
      archivePrefix={arXiv},
      primaryClass={eess.AS},
      url={https://arxiv.org/abs/2005.11129}, 
}

@misc{kim2021conditionalvariationalautoencoderadversarial,
      title={Conditional Variational Autoencoder with Adversarial Learning for End-to-End Text-to-Speech}, 
      author={Jaehyeon Kim and Jungil Kong and Juhee Son},
      year={2021},
      eprint={2106.06103},
      archivePrefix={arXiv},
      primaryClass={cs.SD},
      url={https://arxiv.org/abs/2106.06103}, 
}

Content-creation
@misc{hu2022neuraldubberdubbingvideos,
      title={Neural Dubber: Dubbing for Videos According to Scripts}, 
      author={Chenxu Hu and Qiao Tian and Tingle Li and Yuping Wang and Yuxuan Wang and Hang Zhao},
      year={2022},
      eprint={2110.08243},
      archivePrefix={arXiv},
      primaryClass={eess.AS},
      url={https://arxiv.org/abs/2110.08243}, 
}

@article{liu2024m3tts,
  title={M3TTS: Multi-modal text-to-speech of multi-scale style control for dubbing},
  author={Liu, Yan and Wei, Li-Fang and Qian, Xinyuan and Zhang, Tian-Hao and Chen, Song-Lu and Yin, Xu-Cheng},
  journal={Pattern Recognition Letters},
  volume={179},
  pages={158--164},
  year={2024},
  publisher={Elsevier}
}

Papaghrap-2
@misc{ju2024naturalspeech3zeroshotspeech,
      title={NaturalSpeech 3: Zero-Shot Speech Synthesis with Factorized Codec and Diffusion Models}, 
      author={Zeqian Ju and Yuancheng Wang and Kai Shen and Xu Tan and Detai Xin and Dongchao Yang and Yanqing Liu and Yichong Leng and Kaitao Song and Siliang Tang and Zhizheng Wu and Tao Qin and Xiang-Yang Li and Wei Ye and Shikun Zhang and Jiang Bian and Lei He and Jinyu Li and Sheng Zhao},
      year={2024},
      eprint={2403.03100},
      archivePrefix={arXiv},
      primaryClass={eess.AS},
      url={https://arxiv.org/abs/2403.03100}, 
}

@misc{chen2024valle2neuralcodec,
      title={VALL-E 2: Neural Codec Language Models are Human Parity Zero-Shot Text to Speech Synthesizers}, 
      author={Sanyuan Chen and Shujie Liu and Long Zhou and Yanqing Liu and Xu Tan and Jinyu Li and Sheng Zhao and Yao Qian and Furu Wei},
      year={2024},
      eprint={2406.05370},
      archivePrefix={arXiv},
      primaryClass={cs.CL},
      url={https://arxiv.org/abs/2406.05370}, 
}
15 - 19
@misc{song2024ellavstableneuralcodec,
      title={ELLA-V: Stable Neural Codec Language Modeling with Alignment-guided Sequence Reordering}, 
      author={Yakun Song and Zhuo Chen and Xiaofei Wang and Ziyang Ma and Xie Chen},
      year={2024},
      eprint={2401.07333},
      archivePrefix={arXiv},
      primaryClass={cs.CL},
      url={https://arxiv.org/abs/2401.07333}, 
}

@misc{du2024valltdecoderonlygenerativetransducer,
      title={VALL-T: Decoder-Only Generative Transducer for Robust and Decoding-Controllable Text-to-Speech}, 
      author={Chenpeng Du and Yiwei Guo and Hankun Wang and Yifan Yang and Zhikang Niu and Shuai Wang and Hui Zhang and Xie Chen and Kai Yu},
      year={2024},
      eprint={2401.14321},
      archivePrefix={arXiv},
      primaryClass={eess.AS},
      url={https://arxiv.org/abs/2401.14321}, 
}

@misc{han2024vallerrobustefficient,
      title={VALL-E R: Robust and Efficient Zero-Shot Text-to-Speech Synthesis via Monotonic Alignment}, 
      author={Bing Han and Long Zhou and Shujie Liu and Sanyuan Chen and Lingwei Meng and Yanming Qian and Yanqing Liu and Sheng Zhao and Jinyu Li and Furu Wei},
      year={2024},
      eprint={2406.07855},
      archivePrefix={arXiv},
      primaryClass={cs.CL},
      url={https://arxiv.org/abs/2406.07855}, 
}

@misc{xin2024rallerobustcodeclanguage,
      title={RALL-E: Robust Codec Language Modeling with Chain-of-Thought Prompting for Text-to-Speech Synthesis}, 
      author={Detai Xin and Xu Tan and Kai Shen and Zeqian Ju and Dongchao Yang and Yuancheng Wang and Shinnosuke Takamichi and Hiroshi Saruwatari and Shujie Liu and Jinyu Li and Sheng Zhao},
      year={2024},
      eprint={2404.03204},
      archivePrefix={arXiv},
      primaryClass={eess.AS},
      url={https://arxiv.org/abs/2404.03204}, 
}

@misc{peng2024voicecraftzeroshotspeechediting,
      title={VoiceCraft: Zero-Shot Speech Editing and Text-to-Speech in the Wild}, 
      author={Puyuan Peng and Po-Yao Huang and Shang-Wen Li and Abdelrahman Mohamed and David Harwath},
      year={2024},
      eprint={2403.16973},
      archivePrefix={arXiv},
      primaryClass={eess.AS},
      url={https://arxiv.org/abs/2403.16973}, 
}

Papaghrap-3
@misc{ho2020denoisingdiffusionprobabilisticmodels,
      title={Denoising Diffusion Probabilistic Models}, 
      author={Jonathan Ho and Ajay Jain and Pieter Abbeel},
      year={2020},
      eprint={2006.11239},
      archivePrefix={arXiv},
      primaryClass={cs.LG},
      url={https://arxiv.org/abs/2006.11239}, 
}

@misc{kornilov2024optimalflowmatchinglearning,
      title={Optimal Flow Matching: Learning Straight Trajectories in Just One Step}, 
      author={Nikita Kornilov and Petr Mokrov and Alexander Gasnikov and Alexander Korotin},
      year={2024},
      eprint={2403.13117},
      archivePrefix={arXiv},
      primaryClass={stat.ML},
      url={https://arxiv.org/abs/2403.13117}, 
}          


@misc{le2023voiceboxtextguidedmultilingualuniversal,
      title={Voicebox: Text-Guided Multilingual Universal Speech Generation at Scale}, 
      author={Matthew Le and Apoorv Vyas and Bowen Shi and Brian Karrer and Leda Sari and Rashel Moritz and Mary Williamson and Vimal Manohar and Yossi Adi and Jay Mahadeokar and Wei-Ning Hsu},
      year={2023},
      eprint={2306.15687},
      archivePrefix={arXiv},
      primaryClass={eess.AS},
      url={https://arxiv.org/abs/2306.15687}, 
}

@misc{mehta2024matchattsfastttsarchitecture,
      title={Matcha-TTS: A fast TTS architecture with conditional flow matching}, 
      author={Shivam Mehta and Ruibo Tu and Jonas Beskow and Éva Székely and Gustav Eje Henter},
      year={2024},
      eprint={2309.03199},
      archivePrefix={arXiv},
      primaryClass={eess.AS},
      url={https://arxiv.org/abs/2309.03199}, 
}

@misc{eskimez2024e2ttsembarrassinglyeasy,
      title={E2 TTS: Embarrassingly Easy Fully Non-Autoregressive Zero-Shot TTS}, 
      author={Sefik Emre Eskimez and Xiaofei Wang and Manthan Thakker and Canrun Li and Chung-Hsien Tsai and Zhen Xiao and Hemin Yang and Zirun Zhu and Min Tang and Xu Tan and Yanqing Liu and Sheng Zhao and Naoyuki Kanda},
      year={2024},
      eprint={2406.18009},
      archivePrefix={arXiv},
      primaryClass={eess.AS},
      url={https://arxiv.org/abs/2406.18009}, 
}

@misc{anastassiou2024seedttsfamilyhighqualityversatile,
      title={Seed-TTS: A Family of High-Quality Versatile Speech Generation Models}, 
      author={Philip Anastassiou and Jiawei Chen and Jitong Chen and Yuanzhe Chen and Zhuo Chen and Ziyi Chen and Jian Cong and Lelai Deng and Chuang Ding and Lu Gao and Mingqing Gong and Peisong Huang and Qingqing Huang and Zhiying Huang and Yuanyuan Huo and Dongya Jia and Chumin Li and Feiya Li and Hui Li and Jiaxin Li and Xiaoyang Li and Xingxing Li and Lin Liu and Shouda Liu and Sichao Liu and Xudong Liu and Yuchen Liu and Zhengxi Liu and Lu Lu and Junjie Pan and Xin Wang and Yuping Wang and Yuxuan Wang and Zhen Wei and Jian Wu and Chao Yao and Yifeng Yang and Yuanhao Yi and Junteng Zhang and Qidi Zhang and Shuo Zhang and Wenjie Zhang and Yang Zhang and Zilin Zhao and Dejian Zhong and Xiaobin Zhuang},
      year={2024},
      eprint={2406.02430},
      archivePrefix={arXiv},
      primaryClass={eess.AS},
      url={https://arxiv.org/abs/2406.02430}, 
}


Papaghrap-4

@misc{saeki2024extendingmultilingualspeechsynthesis,
      title={Extending Multilingual Speech Synthesis to 100+ Languages without Transcribed Data}, 
      author={Takaaki Saeki and Gary Wang and Nobuyuki Morioka and Isaac Elias and Kyle Kastner and Fadi Biadsy and Andrew Rosenberg and Bhuvana Ramabhadran and Heiga Zen and Françoise Beaufays and Hadar Shemtov},
      year={2024},
      eprint={2402.18932},
      archivePrefix={arXiv},
      primaryClass={eess.AS},
      url={https://arxiv.org/abs/2402.18932}, 
}

@misc{lee2024dittottsefficientscalablezeroshot,
      title={DiTTo-TTS: Efficient and Scalable Zero-Shot Text-to-Speech with Diffusion Transformer}, 
      author={Keon Lee and Dong Won Kim and Jaehyeon Kim and Jaewoong Cho},
      year={2024},
      eprint={2406.11427},
      archivePrefix={arXiv},
      primaryClass={eess.AS},
      url={https://arxiv.org/abs/2406.11427}, 
}

@misc{chen2024f5ttsfairytalerfakesfluent,
      title={F5-TTS: A Fairytaler that Fakes Fluent and Faithful Speech with Flow Matching}, 
      author={Yushen Chen and Zhikang Niu and Ziyang Ma and Keqi Deng and Chunhui Wang and Jian Zhao and Kai Yu and Xie Chen},
      year={2024},
      eprint={2410.06885},
      archivePrefix={arXiv},
      primaryClass={eess.AS},
      url={https://arxiv.org/abs/2410.06885}, 
}

