% Few-Shot Learning:
@inproceedings{finn2017model,
  title={Model-agnostic meta-learning for fast adaptation of deep networks},
  author={Finn, Chelsea and Abbeel, Pieter and Levine, Sergey},
  booktitle={International conference on machine learning},
  pages={1126--1135},
  year={2017},
  organization={PMLR}
}

% 2
@inproceedings{ren2023tinyreptile,
  title={TinyReptile: TinyML with federated meta-learning},
  author={Ren, Haoyu and Anicic, Darko and Runkler, Thomas A},
  booktitle={2023 International Joint Conference on Neural Networks (IJCNN)},
  pages={1--9},
  year={2023},
  organization={IEEE}
}

% 3 near
@article{chen2024few,
  title={Few-shot image classification based on gradual machine learning},
  author={Chen, Na and Kuang, Xianming and Liu, Feiyu and Wang, Kehao and Zhang, Lijun and Chen, Qun},
  journal={Expert Systems with Applications},
  volume={255},
  pages={124676},
  year={2024},
  publisher={Elsevier}
}

% 1
@article{nichol2018first,
  title={On first-order meta-learning algorithms},
  author={Nichol, A},
  journal={arXiv preprint arXiv:1803.02999},
  year={2018}
}
% 6
@inproceedings{sung2018learning,
  title={Learning to compare: Relation network for few-shot learning},
  author={Sung, Flood and Yang, Yongxin and Zhang, Li and Xiang, Tao and Torr, Philip HS and Hospedales, Timothy M},
  booktitle={Proceedings of the IEEE conference on computer vision and pattern recognition},
  pages={1199--1208},
  year={2018}
}
% Data Augmentation:
% 8
@article{zhang2017mixup,
  title={mixup: Beyond empirical risk minimization},
  author={Zhang, Hongyi},
  journal={arXiv preprint arXiv:1710.09412},
  year={2017}
}
% 9
@inproceedings{yun2019cutmix,
  title={Cutmix: Regularization strategy to train strong classifiers with localizable features},
  author={Yun, Sangdoo and Han, Dongyoon and Oh, Seong Joon and Chun, Sanghyuk and Choe, Junsuk and Yoo, Youngjoon},
  booktitle={Proceedings of the IEEE/CVF international conference on computer vision},
  pages={6023--6032},
  year={2019}
}

@inproceedings{cubuk2020randaugment,
  title={Randaugment: Practical automated data augmentation with a reduced search space},
  author={Cubuk, Ekin D and Zoph, Barret and Shlens, Jonathon and Le, Quoc V},
  booktitle={Proceedings of the IEEE/CVF conference on computer vision and pattern recognition workshops},
  pages={702--703},
  year={2020}
}

@inproceedings{cai2021jitter,
  title={Jitter: random jittering loss function},
  author={Cai, Zhicheng and Peng, Chenglei and Du, Sidan},
  booktitle={2021 International Joint Conference on Neural Networks (IJCNN)},
  pages={1--8},
  year={2021},
  organization={IEEE}
}

% LLMs and Vision-Language Models:
% 5 12
@article{brown2020language,
  title={Language models are few-shot learners},
  author={Brown, Tom and Mann, Benjamin and Ryder, Nick and Subbiah, Melanie and Kaplan, Jared D and Dhariwal, Prafulla and Neelakantan, Arvind and Shyam, Pranav and Sastry, Girish and Askell, Amanda and others},
  journal={Advances in neural information processing systems},
  volume={33},
  pages={1877--1901},
  year={2020}
}
% 13
@article{devlin2018bert,
  title={Bert: Pre-training of deep bidirectional transformers for language understanding},
  author={Devlin, Jacob},
  journal={arXiv preprint arXiv:1810.04805},
  year={2018}
}
% 12
@inproceedings{radford2021learning,
  title={Learning transferable visual models from natural language supervision},
  author={Radford, Alec and Kim, Jong Wook and Hallacy, Chris and Ramesh, Aditya and Goh, Gabriel and Agarwal, Sandhini and Sastry, Girish and Askell, Amanda and Mishkin, Pamela and Clark, Jack and others},
  booktitle={International conference on machine learning},
  pages={8748--8763},
  year={2021},
  organization={PMLR}
}

% 10
@article{goodfellow2014generative,
  title={Generative adversarial nets},
  author={Goodfellow, Ian and Pouget-Abadie, Jean and Mirza, Mehdi and Xu, Bing and Warde-Farley, David and Ozair, Sherjil and Courville, Aaron and Bengio, Yoshua},
  journal={Advances in neural information processing systems},
  volume={27},
  year={2014}
}

% 11
@article{chen2024overview,
  title={An overview of diffusion models: Applications, guided generation, statistical rates and optimization},
  author={Chen, Minshuo and Mei, Song and Fan, Jianqing and Wang, Mengdi},
  journal={arXiv preprint arXiv:2404.07771},
  year={2024}
}


% Dataset
% 4
@article{kay2017kinetics,
  title={The kinetics human action video dataset},
  author={Kay, Will and Carreira, Joao and Simonyan, Karen and Zhang, Brian and Hillier, Chloe and Vijayanarasimhan, Sudheendra and Viola, Fabio and Green, Tim and Back, Trevor and Natsev, Paul and others},
  journal={arXiv preprint arXiv:1705.06950},
  year={2017}
}

@inproceedings{goyal2017something,
  title={The" something something" video database for learning and evaluating visual common sense},
  author={Goyal, Raghav and Ebrahimi Kahou, Samira and Michalski, Vincent and Materzynska, Joanna and Westphal, Susanne and Kim, Heuna and Haenel, Valentin and Fruend, Ingo and Yianilos, Peter and Mueller-Freitag, Moritz and others},
  booktitle={Proceedings of the IEEE international conference on computer vision},
  pages={5842--5850},
  year={2017}
}

@inproceedings{kuehne2011hmdb,
  title={HMDB: a large video database for human motion recognition},
  author={Kuehne, Hildegard and Jhuang, Hueihan and Garrote, Est{\'\i}baliz and Poggio, Tomaso and Serre, Thomas},
  booktitle={2011 International conference on computer vision},
  pages={2556--2563},
  year={2011},
  organization={IEEE}
}

@article{soomro2012ucf101,
  title={UCF101: A dataset of 101 human actions classes from videos in the wild},
  author={Soomro, K},
  journal={arXiv preprint arXiv:1212.0402},
  year={2012}
}

@inproceedings{gu2018ava,
  title={Ava: A video dataset of spatio-temporally localized atomic visual actions},
  author={Gu, Chunhui and Sun, Chen and Ross, David A and Vondrick, Carl and Pantofaru, Caroline and Li, Yeqing and Vijayanarasimhan, Sudheendra and Toderici, George and Ricco, Susanna and Sukthankar, Rahul and others},
  booktitle={Proceedings of the IEEE conference on computer vision and pattern recognition},
  pages={6047--6056},
  year={2018}
}

@article{chen2022msr,
  title={The MSR-video to text dataset with clean annotations},
  author={Chen, Haoran and Li, Jianmin and Frintrop, Simone and Hu, Xiaolin},
  journal={Computer Vision and Image Understanding},
  volume={225},
  pages={103581},
  year={2022},
  publisher={Elsevier}
}
